@DocuShare{DMTN-091,
  author = {Michael Wood-Vasey and Eric Bellm and Jim Bosch and Jeff Carlin and Zeljko Ivezic and Lauren MacArthur and Colin Slater},
   title = "{Test Datasets for Scientific Performance Monitoring}",
    year = 2019,
  handle = {DMTN-091},
    note = {LSST Data Management Technical Note},
     url = {https://dmtn-007.lsst.io/v/DM-15448/index.html},
}

@DocuShare{DMTN-113,
  author = {Andy Salnikov},
   title = "{Performance of RDBMS-based PPDB implementation}",
    year = 2019,
  handle = {DMTN-113},
    note = {LSST Data Management Technical Note},
     url = {https://dmtn-113.lsst.io},
}
